@article{hager2006algorithm,
  title={Algorithm 851: CG\_DESCENT, a conjugate gradient method with guaranteed descent},
  author={Hager, William W and Zhang, Hongchao},
  journal={ACM Transactions on Mathematical Software (TOMS)},
  volume={32},
  number={1},
  pages={113--137},
  year={2006},
  publisher={ACM New York, NY, USA}
}